
  <record format="MarcXchange" type="Bibliographic">
    <leader>00000     2100000   000 </leader>
    <datafield tag="903" ind1="9" ind2="1">
      <subfield code="a">05.09.2014</subfield>
    </datafield>
    <datafield tag="909" ind1="9" ind2="1">
      <subfield code="a">VUB</subfield>
    </datafield>
    <datafield tag="010" ind1="0" ind2="1">
      <subfield code="a">isbn:9783816787679</subfield>
    </datafield>
    <datafield tag="015" ind1="0" ind2="1">
      <subfield code="a">ger</subfield>
    </datafield>
    <datafield tag="100" ind1="0" ind2="1">
      <subfield code="a">Clausnitzer, Klaus-Dieter</subfield>
    </datafield>
    <datafield tag="100" ind1="0" ind2="2">
      <subfield code="a">Hebel, Elisabeth von</subfield>
    </datafield>
    <datafield tag="331" ind1="0" ind2="1">
      <subfield code="a">Mini-Contracting. Weiterentwicklung von Contractingdienstleistungen für Einfamilienhäuser unter Einbindung Regenerativer Energien und mit Effizienzversprechen. Abschlussbericht</subfield>
    </datafield>
    <datafield tag="335" ind1="0" ind2="1">
      <subfield code="a">[Abschlussbericht]</subfield>
    </datafield>
    <datafield tag="403" ind1="0" ind2="1">
      <subfield code="a">1. Aufl.</subfield>
    </datafield>
    <datafield tag="412" ind1="0" ind2="1">
      <subfield code="a">Fraunhofer IRB Verlag</subfield>
    </datafield>
    <datafield tag="425" ind1="0" ind2=" ">
      <subfield code="a">2012</subfield>
    </datafield>
    <datafield tag="433" ind1="0" ind2="1">
      <subfield code="a">94 S.</subfield>
    </datafield>
    <datafield tag="451" ind1="0" ind2="1">
      <subfield code="a">Forschungsinitiative Zukunft Bau</subfield>
    </datafield>
    <datafield tag="455" ind1="0" ind2="1">
      <subfield code="a">2812</subfield>
    </datafield>
    <datafield tag="501" ind1="0" ind2="1">
      <subfield code="a">94 S., m. 11 Abb. u. 10 Tab., 30 cm</subfield>
    </datafield>
    <datafield tag="540" ind1="0" ind2="1">
      <subfield code="a">978-3-8167-8767-9</subfield>
    </datafield>
    <datafield tag="542" ind1="0" ind2="1">
      <subfield code="a">EUR 27.50</subfield>
    </datafield>
    <datafield tag="662" ind1="0" ind2="1">
      <subfield code="a">https://www.vub.de/portal/ordersubmit/mail.xhtml?token=XYZ&amp;upi=isbn%3A9783816787679</subfield>
    </datafield>
    <datafield tag="662" ind1="0" ind2="2">
      <subfield code="a">http://d-nb.info/1026020719/04</subfield>
    </datafield>
    <datafield tag="662" ind1="0" ind2="1">
      <subfield code="x">Bestellformular</subfield>
    </datafield>
    <datafield tag="662" ind1="0" ind2="2">
      <subfield code="x">Inhaltsverzeichnis</subfield>
    </datafield>
    <datafield tag="902" ind1="0" ind2="1">
      <subfield code="a">Wärmelieferung</subfield>
    </datafield>
    <datafield tag="902" ind1="0" ind2="2">
      <subfield code="a">Energieeffizienz</subfield>
    </datafield>
    <datafield tag="902" ind1="0" ind2="3">
      <subfield code="a">Zweifamilienhaus</subfield>
    </datafield>
    <datafield tag="902" ind1="0" ind2="4">
      <subfield code="a">Energieversorgung</subfield>
    </datafield>
    <datafield tag="902" ind1="0" ind2="5">
      <subfield code="a">Allgemein</subfield>
    </datafield>
    <datafield tag="902" ind1="0" ind2="6">
      <subfield code="a">Modernisierung</subfield>
    </datafield>
    <datafield tag="902" ind1="0" ind2="7">
      <subfield code="a">Einfamilienhaus</subfield>
    </datafield>
    <datafield tag="902" ind1="0" ind2="8">
      <subfield code="a">Wärme</subfield>
    </datafield>
    <datafield tag="902" ind1="0" ind2="9">
      <subfield code="a">Dienstleistung</subfield>
    </datafield>
    <datafield tag="902" ind1="0" ind2="0">
      <subfield code="a">Wärmeversorgung</subfield>
    </datafield>
    <datafield tag="902" ind1="0" ind2="1">
      <subfield code="a">Energieeinsparung</subfield>
    </datafield>
    <datafield tag="902" ind1="0" ind2="2">
      <subfield code="a">Heizungsanlage</subfield>
    </datafield>
    <datafield tag="902" ind1="0" ind2="3">
      <subfield code="a">Versorgung</subfield>
    </datafield>
    <datafield tag="902" ind1="0" ind2="4">
      <subfield code="a">Regenerative Energie</subfield>
    </datafield>
    <datafield tag="902" ind1="0" ind2="5">
      <subfield code="a">Bauforschung</subfield>
    </datafield>
  </record>