
  <record format="MarcXchange" type="Bibliographic">
    <leader>00000     2100000   000 </leader>
    <datafield tag="903" ind1="9" ind2="1">
      <subfield code="a">05.09.2014</subfield>
    </datafield>
    <datafield tag="909" ind1="9" ind2="1">
      <subfield code="a">VUB</subfield>
    </datafield>
    <datafield tag="010" ind1="0" ind2="1">
      <subfield code="a">isbn:9783844100266</subfield>
    </datafield>
    <datafield tag="015" ind1="0" ind2="1">
      <subfield code="a">ger</subfield>
    </datafield>
    <datafield tag="100" ind1="0" ind2="1">
      <subfield code="a">Hermsdorf, Ekkehard</subfield>
    </datafield>
    <datafield tag="331" ind1="0" ind2="1">
      <subfield code="a">Integrationsconsulting bei Unternehmenszusammenschlüssen unter Berücksichtigung des psychologischen Vertrages</subfield>
    </datafield>
    <datafield tag="403" ind1="0" ind2="1">
      <subfield code="a">1. Aufl.</subfield>
    </datafield>
    <datafield tag="412" ind1="0" ind2="1">
      <subfield code="a">Josef Eul Verlag GmbH</subfield>
    </datafield>
    <datafield tag="425" ind1="0" ind2=" ">
      <subfield code="a">2011</subfield>
    </datafield>
    <datafield tag="433" ind1="0" ind2="1">
      <subfield code="a">312 S.</subfield>
    </datafield>
    <datafield tag="451" ind1="0" ind2="1">
      <subfield code="a">Personal, Organisation und Arbeitsbeziehungen</subfield>
    </datafield>
    <datafield tag="455" ind1="0" ind2="1">
      <subfield code="a">49</subfield>
    </datafield>
    <datafield tag="501" ind1="0" ind2="1">
      <subfield code="a">Paperback</subfield>
    </datafield>
    <datafield tag="540" ind1="0" ind2="1">
      <subfield code="a">978-3-8441-0026-6</subfield>
    </datafield>
    <datafield tag="542" ind1="0" ind2="1">
      <subfield code="a">EUR 62.00</subfield>
    </datafield>
    <datafield tag="662" ind1="0" ind2="1">
      <subfield code="a">https://www.vub.de/portal/ordersubmit/mail.xhtml?token=XYZ&amp;upi=isbn%3A9783844100266</subfield>
    </datafield>
    <datafield tag="662" ind1="0" ind2="1">
      <subfield code="x">Bestellformular</subfield>
    </datafield>
    <datafield tag="902" ind1="0" ind2="1">
      <subfield code="a">Integrationsconsulting</subfield>
    </datafield>
    <datafield tag="902" ind1="0" ind2="2">
      <subfield code="a">Zwischenbetriebliche Integration</subfield>
    </datafield>
    <datafield tag="902" ind1="0" ind2="3">
      <subfield code="a">Unternehmenszusammenschlüsse</subfield>
    </datafield>
    <datafield tag="902" ind1="0" ind2="4">
      <subfield code="a">psychologischer Vertrag</subfield>
    </datafield>
  </record>