
  <record format="MarcXchange" type="Bibliographic">
    <leader>00000     2100000   000 </leader>
    <datafield tag="903" ind1="9" ind2="1">
      <subfield code="a">31.08.2014</subfield>
    </datafield>
    <datafield tag="909" ind1="9" ind2="1">
      <subfield code="a">VUB</subfield>
    </datafield>
    <datafield tag="010" ind1="0" ind2="1">
      <subfield code="a">isbn:9783832960438</subfield>
    </datafield>
    <datafield tag="015" ind1="0" ind2="1">
      <subfield code="a">ger</subfield>
    </datafield>
    <datafield tag="100" ind1="0" ind2="1">
      <subfield code="a">Heinichen, Christian</subfield>
    </datafield>
    <datafield tag="331" ind1="0" ind2="1">
      <subfield code="a">Unternehmensbegriff und Haftungsnachfolge im Europäischen Kartellrecht</subfield>
    </datafield>
    <datafield tag="403" ind1="0" ind2="1">
      <subfield code="a">1. Aufl.</subfield>
    </datafield>
    <datafield tag="412" ind1="0" ind2="1">
      <subfield code="a">Nomos Verlagsges.MBH + Co</subfield>
    </datafield>
    <datafield tag="425" ind1="0" ind2=" ">
      <subfield code="a">2011</subfield>
    </datafield>
    <datafield tag="433" ind1="0" ind2="1">
      <subfield code="a">430 S.</subfield>
    </datafield>
    <datafield tag="451" ind1="0" ind2="1">
      <subfield code="a">Schriften des Augsburg Center for Global Economic Law and Regulation - Arbeiten zum Internationalen Wirtschaftsrecht und zur Wirtschaftsregulierung</subfield>
    </datafield>
    <datafield tag="455" ind1="0" ind2="1">
      <subfield code="a">40</subfield>
    </datafield>
    <datafield tag="501" ind1="0" ind2="1">
      <subfield code="a">1. Aufl., 430 S., 635g</subfield>
    </datafield>
    <datafield tag="540" ind1="0" ind2="1">
      <subfield code="a">978-3-8329-6043-8</subfield>
    </datafield>
    <datafield tag="542" ind1="0" ind2="1">
      <subfield code="a">EUR 112.00</subfield>
    </datafield>
    <datafield tag="662" ind1="0" ind2="1">
      <subfield code="a">https://www.vub.de/portal/ordersubmit/mail.xhtml?token=XYZ&amp;upi=isbn%3A9783832960438</subfield>
    </datafield>
    <datafield tag="662" ind1="0" ind2="1">
      <subfield code="x">Bestellformular</subfield>
    </datafield>
  </record>