
  <record format="MarcXchange" type="Bibliographic">
    <leader>00000     2100000   000 </leader>
    <datafield tag="903" ind1="9" ind2="1">
      <subfield code="a">01.09.2014</subfield>
    </datafield>
    <datafield tag="909" ind1="9" ind2="1">
      <subfield code="a">VUB</subfield>
    </datafield>
    <datafield tag="010" ind1="0" ind2="1">
      <subfield code="a">isbn:9783848712915</subfield>
    </datafield>
    <datafield tag="015" ind1="0" ind2="1">
      <subfield code="a">ger</subfield>
    </datafield>
    <datafield tag="100" ind1="0" ind2="1">
      <subfield code="a">Gräbener, Richard</subfield>
    </datafield>
    <datafield tag="331" ind1="0" ind2="1">
      <subfield code="a">Verfassungsinterdependenzen in der Republik Baden</subfield>
    </datafield>
    <datafield tag="335" ind1="0" ind2="1">
      <subfield code="a">Inhalt und Bedeutung der badischen Landeskonstitution von 1919 im Verfassungsgefüge des Weimarer Bundesstaates</subfield>
    </datafield>
    <datafield tag="403" ind1="0" ind2="1">
      <subfield code="a">1. Aufl.</subfield>
    </datafield>
    <datafield tag="412" ind1="0" ind2="1">
      <subfield code="a">Nomos Verlagsges.MBH + Co</subfield>
    </datafield>
    <datafield tag="425" ind1="0" ind2=" ">
      <subfield code="a">2014</subfield>
    </datafield>
    <datafield tag="433" ind1="0" ind2="1">
      <subfield code="a">518 S.</subfield>
    </datafield>
    <datafield tag="451" ind1="0" ind2="1">
      <subfield code="a">Schriften zum Landesverfassungsrecht</subfield>
    </datafield>
    <datafield tag="455" ind1="0" ind2="1">
      <subfield code="a">3</subfield>
    </datafield>
    <datafield tag="501" ind1="0" ind2="1">
      <subfield code="a">1. Auflage.</subfield>
    </datafield>
    <datafield tag="540" ind1="0" ind2="1">
      <subfield code="a">978-3-8487-1291-5</subfield>
    </datafield>
    <datafield tag="542" ind1="0" ind2="1">
      <subfield code="a">EUR 129.00</subfield>
    </datafield>
    <datafield tag="662" ind1="0" ind2="1">
      <subfield code="a">https://www.vub.de/portal/ordersubmit/mail.xhtml?token=XYZ&amp;upi=isbn%3A9783848712915</subfield>
    </datafield>
    <datafield tag="662" ind1="0" ind2="2">
      <subfield code="a">http://d-nb.info/104995680X/04</subfield>
    </datafield>
    <datafield tag="662" ind1="0" ind2="1">
      <subfield code="x">Bestellformular</subfield>
    </datafield>
    <datafield tag="662" ind1="0" ind2="2">
      <subfield code="x">Inhaltsverzeichnis</subfield>
    </datafield>
    <datafield tag="902" ind1="0" ind2="1">
      <subfield code="a">Weimarer Republik</subfield>
    </datafield>
    <datafield tag="902" ind1="0" ind2="2">
      <subfield code="a">Baden (Land), Geschichte</subfield>
    </datafield>
    <datafield tag="902" ind1="0" ind2="3">
      <subfield code="a">Recht</subfield>
    </datafield>
    <datafield tag="902" ind1="0" ind2="4">
      <subfield code="a">Landesverfassungen</subfield>
    </datafield>
  </record>